<?xml version="1.0" encoding="UTF-8"?><record xmlns="http://www.loc.gov/MARC21/slim" xmlns:cinclude="http://apache.org/cocoon/include/1.0" xmlns:zs="http://www.loc.gov/zing/srw/">
  <leader>00460nz  a2200133n  4500</leader>
  <controlfield tag="001">n  89625387 </controlfield>
  <controlfield tag="003">DLC</controlfield>
  <controlfield tag="005">19890425151347.3</controlfield>
  <controlfield tag="008">890425n| acannaab|          |a aad |||  </controlfield>
  <datafield tag="010" ind1=" " ind2=" ">
    <subfield code="a">n  89625387 </subfield>
  </datafield>
  <datafield tag="040" ind1=" " ind2=" ">
    <subfield code="a">DLC</subfield>
    <subfield code="c">DLC</subfield>
  </datafield>
  <datafield tag="100" ind1="1" ind2="0">
    <subfield code="a">Bitsch, Friedrich,</subfield>
    <subfield code="d">1889-</subfield>
  </datafield>
  <datafield tag="400" ind1="1" ind2="0">
    <subfield code="a">Bitsch, Johann Friedrich,</subfield>
    <subfield code="d">1889-</subfield>
  </datafield>
  <datafield tag="670" ind1=" " ind2=" ">
    <subfield code="a">nuc89-16172: His De Platonicorum quaestionibus quibusdam Vergilianis [MI] 1911</subfield>
    <subfield code="b">(hdg. on CtY rept.: Bitsch, Friedrich, i.e. Johann Friedrich, 1889- )</subfield>
  </datafield>
</record>